@book{alberthu2019,
	edition = {1st edition},
	title = {Probability and {Bayesian} {Modeling}},
	publisher = {{Chapman and Hall/CRC}},
	author = {Albert, J. and Hu, J.},
	year = {2019},
}

@article{arnason1972,
	author = {Arnason, N. A. },
	journal = {Researches on Population Ecology},
	number = {2},
	pages = {97--113},
	title = {Parameter estimates from mark-recapture experiments on two populations subject to migration and death},
	volume = {13},
	year = {1972}}


@article{arnason1973,
	author = {Arnason, N. A.},
	journal = {Researches on Population Ecology},
	number = {2},
	pages = {1--8},
	title = {The estimation of population size, migration rates and survival in a stratified population},
	volume = {15},
	year = {1973}}

@article{AdamEtAl2019,
  author = {Adam, Timo and Griffiths, Christopher A. and Leos-Barajas, Vianey and Meese, Emily N. and Lowe, Christopher G. and Blackwell, Paul G. and Righton, David and Langrock, Roland},
  title = {Joint modelling of multi-scale animal movement data using hierarchical hidden {M}arkov models},
  journal = {Methods in Ecology and Evolution},
  volume={10},
  number={9},
  pages={1536--1550},
  year = {2019},
  doi = {10.1111/2041-210X.13241},
}
 
@article{Altman2007,
  title={Mixed hidden {M}arkov models: an extension of the hidden {M}arkov model to the longitudinal data setting},
  author={Altman, Rachel MacKay},
  journal={Journal of the American Statistical Association},
  volume={102},
  number={477},
  pages={201--210},
  year={2007},
  publisher={Taylor \& Francis}
}

@article{auger2020introduction,
  title={An introduction to state-space modeling of ecological time series},
  author={Auger-M{\'e}th{\'e}, Marie and Newman, Ken and Cole, Diana and Empacher, Fanny and Gryba, Rowenna and King, Aaron A and Leos-Barajas, Vianney and Flemming, Joanna Mills and Nielsen, Anders and Petris, Giovanni and others},
  journal={arXiv preprint arXiv:2002.02001},
  year={2020}
}

@Article{barb99,
  author =	 {Barbraud, C. and Barbraud, J.~C. and Barbraud, M.},
  title =	 {Population dynamics of the {W}hite {S}tork {\it Ciconia ciconia} in western {F}rance},
  journal =	 {Ibis},
  year =	 1999,
  volume =	 141,
  pages =	 {469-479}
}

@InProceedings{bair91,
  author =	 {Bairlein, F.},
  title =	 {Population studies of white storks ciconia ciconia in Europe, with reference to the western population},
  booktitle =	 {Bird Population Studies: Relevance to Conservation and Management},
  pages =	 {207 -- 229},
  year =	 1991,
  editor =	 {Perrins, C. and Lebreton, J.-D. and Hirons, G.},
  publisher = {Oxford: Oxford University Press.}
}


@article{bancila2018te,
  author = {B\v{a}ncil\v{a}, R. I. and Pradel, R. and Choquet, R. and Pl\v{a}iasu, R. and Gimenez, O.},
title = {Using temporary emigration to inform movement behaviour of cave-dwelling invertebrates: a case study of a cave harvestman species},
journal = {Ecological Entomology},
volume = {43},
number = {5},
pages = {551-559},
year = {2018}
}

@ARTICLE{Benhaiem2018,
AUTHOR={Benhaiem, S. and Marescot, L. and Hofer, H. and East, M. L. and Lebreton, J.-D. and Kramer-Schadt, S. and Gimenez, O.},   
TITLE={Robustness of Eco-Epidemiological Capture-Recapture Parameter Estimates to Variation in Infection State Uncertainty},
JOURNAL={Frontiers in Veterinary Science},      
VOLUME={5},      
PAGES={197},     
YEAR={2018}
}


@article{BesbeasMorgan2019,
  title={Exact inference for integrated population modelling},
  author={Besbeas, P. and Morgan, B.J.T.},
  journal={Biometrics},
  volume={75},
  number={2},
  pages={475--484},
  year={2019},
  publisher={Wiley Online Library}
}

@book{BegonEtAl2006,
  title={Ecology: From Individuals to Ecosystems},
  author={Begon, M. and Harper, J.L. and Townsend, C.R.},
	edition = {4th edition},
  year={2006},
  publisher={Wiley-Blackwell}
}
        
@article{BeisnerEtAl2003,
author = {Beisner, B.E. and Haydon, D.T. and Cuddington, K.},
title = {Alternative stable states in ecology},
journal = {Frontiers in Ecology and the Environment},
volume = {1},
number = {7},
pages = {376-382},
doi = {10.1890/1540-9295(2003)001[0376:ASSIE]2.0.CO;2},
url = {https://esajournals.onlinelibrary.wiley.com/doi/abs/10.1890/1540-9295},
year = {2003}
}
 
@article{BeyerEtAl2013,
  title={The effectiveness of {B}ayesian state-space models for estimating behavioural states from movement paths},
  author={Beyer, Hawthorne L and Morales, Juan M and Murray, Dennis and Fortin, Marie-Jos{\'e}e},
  journal={Methods in Ecology and Evolution},
  volume={4},
  number={5},
  pages={433--441},
  year={2013},
  publisher={Wiley Online Library}
}

@article{bonner2006,
	author = {Bonner, S. J. and Schwarz, C. J.},
	journal = {Biometrics},
	number = {1},
	pages = {142-149},
	title = {An extension of the {C}ormack--{J}olly--{S}eber model for continuous covariates with application to Microtus pennsylvanicus},
	volume = {62},
	year = {2006}}

@article{bonner_continuous_2010,
	title = {Continuous {Covariates} in {Mark}-{Recapture}-{Recovery} {Analysis}: {A} {Comparison} of {Methods}},
	volume = {66},
	number = {4},
	journal = {Biometrics},
	author = {Bonner, S. J. and Morgan, B. J. T. and King, R.},
	year = {2010},
	pages = {1256--1265}
}

@article{Borchers2008,
  title={Spatially explicit maximum likelihood methods for capture--recapture studies},
  author={Borchers, David L and Efford, MG},
  journal={Biometrics},
  volume={64},
  number={2},
  pages={377--385},
  year={2008},
  publisher={Wiley Online Library}
}

@article{BorgyEtAl2015,
  title={Dynamics of weeds in the soil seed bank: a hidden {M}arkov model to estimate life history traits from standing plant time series},
  author={Borgy, Benjamin and Reboud, Xavier and Peyrard, Nathalie and Sabbadin, R{\'e}gis and Gaba, Sabrina},
  journal={PLoS ONE},
  volume={10},
  number={10},
  pages={e0139278},
  year={2015},
  publisher={Public Library of Science}
}


@article{BreiningerEtAl2010,
  title={Multistate modeling of habitat dynamics: factors affecting {F}lorida scrub transition probabilities},
  author={Breininger, David R and Nichols, James D and Duncan, Brean W and Stolen, Eric D and Carter, Geoffrey M and Hunt, Danny K and Drese, John H},
  journal={Ecology},
  volume={91},
  number={11},
  pages={3354--3364},
  year={2010},
  publisher={Wiley Online Library}
}

@book{BrooksEtAl2011,
  title={Handbook of Markov Chain Monte Carlo},
  author={Brooks, Steve and Gelman, Andrew and Jones, Galin and Meng, Xiao-Li},
  year={2011},
  publisher={CRC press}
}

@article{BrownieEtAl1993,
 author               = {Brownie, C. and Hines, J. E. and Nichols, J. D. and Pollock, K. H. and Hestbeck, J. B.},
 journal              = {Biometrics},
 pages                = {1173-1187},
 title                = {Capture-recapture studies for multiple strata including non-{M}arkovian transitions},
 volume               = {49},
 year                 = {1993},
 }


@article{buckland2016,
	author = {S. T. Buckland},
	journal = {Statistical Science},
	number = {2},
	pages = {142 -- 150},
	title = {{A Conversation with Richard M. Cormack}},
	volume = {31},
	year = {2016}}


@article{BucklandEtAl2004,
 author               = {Buckland, S. T. and Newman, K. B. and Thomas, L. and Koester, N.},
 journal              = {Ecological Modelling},
 pages                = {157-175},
 title                = {State-space models for dynamics of wild animal populations},
 volume               = {171},
 year                 = {2004},
 }
 
@incollection{Burnham1993,
 address              = {Switzerland},
 author               = {Burnham, K. P.},
 booktitle            = {Marked Individuals in the Study of Bird Populations},
 editor               = {Lebreton, J. -D. and North, P. M.},
 pages                = {199--213},
 publisher            = {Birkhauser},
 title                = {A theory for combined analysis of ring recovery and recapture data},
 year                 = {1993},
 }

@book{BurnhamAnderson2002,
 author               = {Burnham, K. P. and Anderson, D. R.},
 publisher            = {Springer-Verlag},
 title                = {Model selection and multimodel inference: {A} practical information-theoretic approach},
 year                 = {2002},
 edition = {2nd edition}
 }

@article{BurnhamEtAl1987,
 author               = {Burnham, K. P. and Anderson, D. R. and White, G. C. and Brownie, C. and Pollock, K. H.},
 journal              = {American Fisheries Society Monograph},
 pages                = {1-437},
 title                = {Design and analysis methods for fish survival experiments based on release-recapture},
 volume               = {5},
 year                 = {1987},
 }

@article{BurnhamOverton1979,
 author               = {Burnham, K. P. and Overton, W. S.},
 journal              = {Ecology},
 pages                = {927--936},
 title                = {Robust estimation of population-size when capture probabilities vary among animals},
 volume               = {60},
 year                 = {1979},
 }

@article{BurnhamRexstad1993,
 author               = {Burnham, K. P. and Rexstad, E. A.},
 journal              = {Biometrics},
 pages                = {1194-1208},
 title                = {Modeling heterogeneity in survival rates of banded waterfowl},
 volume               = {49},
 year                 = {1993},
 }
 
@article{CamEtAl2002,
 author               = {Cam, E. and Link, W. A. and Cooch, E. G. and Monnat, J. Y. and Danchin, E.},
 journal              = {American Naturalist},
 pages                = {96--105},
 title                = {Individual covariation in life-history traits: Seeing the trees despite the forest},
 volume               = {159},
 year                 = {2002},
 }
 
@book{CappeEtAl2005,
  title={Inference in Hidden {M}arkov Models},
  author={Capp{\'e}, Olivier and Moulines, Eric and Ryd{\'e}n, Tobias},
  year={2005},
  publisher={New York: Springer}
}

@book{Caswell2001,
 author               = {Caswell, H.},
 publisher            = {Sinauer},
 title                = {Matrix Population Models},
 edition = {2nd edition},
 year                 = {2001},
}

@article{CayuelaEtAl2020,
  title={Anthropogenic disturbance drives dispersal syndromes, demography, and gene flow in amphibian populations},
  author={Cayuela, Hugo and Besnard, Aur{\'e}lien and Cote, Julien and Laporte, Martin and Bonnaire, Eric and Pichenot, Julian and Schtickzelle, Nicolas and Bellec, Arnaud and Joly, Pierre and L{\'e}na, Jean-Paul},
  journal={Ecological Monographs},
  publisher={Wiley Online Library},
  volume={90},
  pages={e01406},
  year={2020},
}

@article{ChambertEtAl2012,
  title={Exposure of black-legged kittiwakes to {L}yme disease spirochetes: dynamics of the immune status of adult hosts and effects on their survival},
  author={Chambert, Thierry and Staszewski, Vincent and Lobato, Elisa and Choquet, R{\'e}mi and Carrie, C{\'e}cile and McCoy, Karen D and Tveraa, Torkild and Boulinier, Thierry},
  journal={Journal of Animal Ecology},
  volume={81},
  number={5},
  pages={986--995},
  year={2012},
  publisher={Wiley Online Library}
}
 

@article{chambert2014,
	author = {Chambert, T. and Rotella, J. J. and Higgs, M. D.},
	journal = {Ecology and Evolution},
	number = {8},
	pages = {1389-1397},
	title = {Use of posterior predictive checks as an inferential tool for investigating individual heterogeneity in animal population vital rates},
	volume = {4},
	year = {2014}}

 
@article{ChenEtAl2013,
  title={Imperfect detection is the rule rather than the exception in plant distribution studies},
  author={Chen, Guoke and K{\'e}ry, Marc and Plattner, Matthias and Ma, Keping and Gardner, Beth},
  journal={Journal of Ecology},
  volume={101},
  number={1},
  pages={183--191},
  year={2013},
  publisher={Wiley Online Library}
}

@incollection{ChoquetEtAl2009,
  title={Program {E}-{SURGE}: a software application for fitting multievent models},
  author={Choquet, R. and Rouan, L. and Pradel, R.},
  booktitle={Modeling demographic processes in marked populations},
  editor = {Thomson, D. L. and Cooch, E. G. and Conroy, M. J.},
  pages={845-865},
  year={2009},
  publisher={Springer}
}

@article{ChoquetEtAl2011,
  title={A semi-{M}arkov model to assess reliably survival patterns from birth to death in free--ranging populations},
  author={Choquet, R. and Viallefont, A. and Rouan, L. and Gaanoun, K. and Gaillard, J.-M.},
  journal={Methods in Ecology and Evolution},
  volume={2},
  number={4},
  pages={383--389},
  year={2011}
}

@article{ChoquetEtAl2017,
  title={Transient state estimation using continuous-time processes applied to opportunistic capture--recapture data},
  author={Choquet, R{\'e}mi and Garnier, Alexandre and Awuve, Edem and Besnard, Aur{\'e}lien},
  journal={Ecological Modelling},
  volume={361},
  pages={157--163},
  year={2017},
  publisher={Elsevier}
}
 
@book{cole2020,
  title={Parameter Redundancy and Identifiability},
  author={Cole, D.},
  year={2020},
  publisher={{Chapman and Hall/CRC}}
}

@Article{Cole2019,
author="Cole, Diana J.",
title="Parameter redundancy and identifiability in hidden {M}arkov models",
journal="METRON",
year="2019",
volume="77",
number="2",
pages="105--118"
}

@article{choquet2018modulated,
author = {Choquet, R.},
title = {{M}arkov-modulated {P}oisson processes as a new framework for analysing capture--recapture data},
journal = {Methods in Ecology and Evolution},
volume = {9},
number = {4},
pages = {929-935},
year = {2018}
}

@article{cooch2012disease,
  title={Disease dynamics in wild populations: modeling and estimation: a review},
  author={Cooch, E.G. and Conn, P.B. and Ellner, S.P. and Dobson, A.P. and Pollock, K.H.},
  journal={Journal of Ornithology},
  volume={152},
  number={2},
  pages={485--509},
  year={2012}
}
 
@article{ConnCooch2009,
  title={Multistate capture--recapture analysis under imperfect state observation: {A}n application to disease models},
  author={Conn, P.B. and Cooch, E.G.},
  journal={Journal of Applied Ecology},
  volume={46},
  number={2},
  pages={486--492},
  year={2009}
}

@article{cubaynes2012,
author = {Cubaynes, S. and Lavergne, C. and Marboutin, E. and Gimenez, O.},
title = {Assessing individual heterogeneity using model selection criteria: how many mixture components in capture--recapture models?},
journal = {Methods in Ecology and Evolution},
volume = {3},
number = {3},
pages = {564-573},
year = {2012}
}

@article{cole2014,
author = {Cole, D.J. and Morgan, B.J.T. and McCrea, R.S. and Pradel, R. and Gimenez, O. and Choquet, R.},
title = {Does your species have memory? Analyzing capture--recapture data with memory models},
journal = {Ecology and Evolution},
volume = {4},
number = {11},
pages = {2124-2133},
year = {2014}
}

@article{choquet2013,
author = {Choquet, R\'emi and Carri\'e, C\'ecile and Chambert, Thierry and Boulinier, Thierry},
title = {Estimating transitions between states using measurements with imperfect detection: application to serological data},
journal = {Ecology},
volume = {94},
number = {10},
pages = {2160-2165},
year = {2013}
}


@article{conn2018,
	author = {Conn, P. B. and Johnson, D. S. and Williams, P. J. and Melin, S. R. and Hooten, M. B.},
	journal = {Ecological Monographs},
	number = {4},
	pages = {526-542},
	title = {A guide to Bayesian model checking for ecologists},
	volume = {88},
	year = {2018}}


@book{cooch2017intromark,
	author = {Cooch, E.G. and White, G.},
	title = {Progam MARK: a gentle introduction},
	year = {2017},
	url = {http://www.phidot.org/software/mark/docs/book/},
	edition = {13th edition}}


@article{Cormack1964,
  title={Estimates of survival from the sighting of marked animals},
  author={Cormack, RM},
  journal={Biometrika},
  volume={51},
  number={3/4},
  pages={429--438},
  year={1964},
  publisher={JSTOR}
}

@article{CowenEtAl2017,
  title={Hidden {M}arkov models for extended batch data},
  author={Cowen, Laura L E and Besbeas, Panagiotis and Morgan, Byron J T and Schwarz, Carl J},
  journal={Biometrics},
  volume={73},
  number={4},
  pages={1321--1331},
  year={2017},
  publisher={Wiley Online Library}
}

@article{DailMadsen2011,
  title={Models for estimating abundance from repeated counts of an open metapopulation},
  author={Dail, David and Madsen, Lisa},
  journal={Biometrics},
  volume={67},
  number={2},
  pages={577--587},
  year={2011},
  publisher={Wiley Online Library}
}

@article{Darroch1958,
 author               = {Darroch, J. N.},
 journal              = {Biometrika},
 pages                = {343-359},
 title                = {The multiple-recapture census: I. {E}stimation of a closed population},
 volume               = {45},
 year                 = {1958},
 }
 
@article{deValpine2017,
  title={Programming with models: writing statistical algorithms for general model structures with {NIMBLE}},
  author={{de Valpine}, P. and Turek, D. and Paciorek, C. J. and Anderson-Bergman, C. and Lang, D. T. and Bodik, R.},
  journal={Journal of Computational and Graphical Statistics},
  volume={26},
  number={2},
  pages={403--413},
  year={2017}
}
 
@article{DietzeEtAl2018,
  title={Iterative near-term ecological forecasting: Needs, opportunities, and challenges},
  author={Dietze, Michael C and Fox, Andrew and Beck-Johnson, Lindsay M and Betancourt, Julio L and Hooten, Mevin B and Jarnevich, Catherine S and Keitt, Timothy H and Kenney, Melissa A and Laney, Christine M and Larsen, Laurel G and others},
  journal={Proceedings of the National Academy of Sciences},
  volume={115},
  number={7},
  pages={1424--1432},
  year={2018},
  publisher={National Acad Sciences}
}

@article{DorazioEtAl2010,
  title={Models for inference in dynamic metacommunity systems},
  author={Dorazio, Robert M and Kery, Marc and Royle, J Andrew and Plattner, Matthias},
  journal={Ecology},
  volume={91},
  number={8},
  pages={2466--2475},
  year={2010},
  publisher={Wiley Online Library}
}

@article{DupontEtAl2015,
  title={Litter sex composition influences dominance status of {A}lpine marmots ({M}armota marmota)},
  author={Dupont, Pierre and Pradel, Roger and Lardy, Sophie and Allain{\'e}, Dominique and Cohas, Aur{\'e}lie},
  journal={Oecologia},
  volume={179},
  number={3},
  pages={753--763},
  year={2015},
  publisher={Springer}
}

@article{Dupuis1995,
	title = {Bayesian estimation of movement and survival probabilities from capture-recapture data},
	volume = {82},
	number = {4},
	journal = {Biometrika},
	author = {Dupuis, J.},
	year = {1995},
	pages = {761--772}
}

@article{eddy2004hidden,
  title={What is a hidden {M}arkov model?},
  author={Eddy, Sean R},
  journal={Nature Biotechnology},
  volume={22},
  number={10},
  pages={1315},
  year={2004},
  publisher={Nature Publishing Group}
}

@article{EphraimMerhav2002,
  title={Hidden {M}arkov processes},
  author={Ephraim, Yariv and Merhav, Neri},
  journal={IEEE Transactions on Information Theory},
  volume={48},
  number={6},
  pages={1518--1569},
  year={2002},
  publisher={IEEE}
}


@article{Etterson2013,
  title={Hidden {M}arkov models for estimating animal mortality from anthropogenic hazards},
  author={Etterson, Matthew A},
  journal={Ecological Applications},
  volume={23},
  number={8},
  pages={1915--1925},
  year={2013},
  publisher={Wiley Online Library}
}


@article{evans2017elicit,
	author = {Evans, M. and Guttman, I. and Li, P.},
	journal = {Entropy},
	number = {10},
	title = {Prior Elicitation, Assessment and Inference with a Dirichlet Prior},
	volume = {19},
	year = {2017}}


@article{FaustinoEtAl2004,
 author               = {Faustino, C. R. and Jennelle, C. S. and Connolly, V. and Davis, A. K. and Swarthout, E. C. and Dhondt, A. A. and Cooch, E. G.},
 journal              = {Journal of Animal Ecology},
 pages                = {651-669},
 title                = {infection dynamics in a house finch population: seasonal variation in survival, encounter, and transmission rate},
 volume               = {73},
 year                 = {2004},
 }
 
@article{felsenstein_hidden_1996,
  title = {A {Hidden} {Markov} {Model} approach to variation among sites in rate of evolution.},
  volume = {13},
  issn = {0737-4038},
  number = {1},
  journal = {Molecular Biology and Evolution},
  author = {Felsenstein, J. and Churchill, G. A.},
  year = {1996},
  pages = {93--104},
}

@article{FineEtAl1998,
  title={The hierarchical hidden {M}arkov model: Analysis and applications},
  author={Fine, Shai and Singer, Yoram and Tishby, Naftali},
  journal={Machine Learning},
  volume={32},
  number={1},
  pages={41--62},
  year={1998},
  publisher={Springer}
}

@article{FiskeChandler2011,
  title={{unmarked}: an {R} package for fitting hierarchical models of wildlife occurrence and abundance},
  author={Fiske, Ian and Chandler, Richard},
  journal={Journal of Statistical Software},
  volume={43},
  number={10},
  pages={1--23},
  year={2011}
}

@article{FouchetEtAl2016,
  title={An r package for analysing survival using continuous-time open capture--recapture models},
  author={Fouchet, David and Santin-Janin, Hugues and Sauvage, Frank and Yoccoz, Nigel Gilles and Pontier, Dominique},
  journal={Methods in Ecology and Evolution},
  volume={7},
  number={5},
  pages={518--528},
  year={2016},
  publisher={Wiley Online Library}
}


@article{frederiksen2014,
	author = {Frederiksen, M. and Lebreton, J.-D. and Pradel, R. and Choquet, R. and Gimenez, O.},
	journal = {Journal of Applied Ecology},
	number = {1},
	pages = {71-81},
	title = {Identifying links between vital rates and environment: {A} toolbox for the applied ecologist},
	volume = {51},
	year = {2014}}


@article{GalesYoung2008,
  title={The application of hidden {M}arkov models in speech recognition},
  author={Gales, Mark and Young, Steve},
  journal={Foundations and Trends{\textregistered} in Signal Processing},
  volume={1},
  number={3},
  pages={195--304},
  year={2008},
  publisher={Now Publishers, Inc.}
}

@article{GarnierEtAl2016,
  title={What shapes fitness costs of reproduction in long-lived iteroparous species? A case study on the {A}lpine ibex},
  author={Garnier, Alexandre and Gaillard, Jean-Michel and Gauthier, Dominique and Besnard, Aur{\'e}lien},
  journal={Ecology},
  volume={97},
  number={1},
  pages={205--214},
  year={2016},
  publisher={Wiley Online Library}
}


@article{gelman2004,
	author = {Gelman, A. and Hwang, J. and Vehtari, A.},
	journal = {Statistics and Computing},
	number = {6},
	pages = {997--1016},
	title = {Understanding predictive information criteria for Bayesian models},
	volume = {24},
	year = {2014}}

@book{GelmanEtAl2004,
 author               = {Gelman, A. and Carlin, J. B. and Stern, H. S. and Rubin, D. B.},
 publisher            = {{Chapman and Hall/CRC}},
 title                = {Bayesian Data Analysis},
 edition = {2nd edition},
 year                 = {2004},
 }
 
@article{GelmanEtAl2015,
  title={Stan: A probabilistic programming language for Bayesian inference and optimization},
  author={Gelman, Andrew and Lee, Daniel and Guo, Jiqiang},
  journal={Journal of Educational and Behavioral Statistics},
  volume={40},
  number={5},
  pages={530--543},
  year={2015},
  publisher={Sage Publications Sage CA: Los Angeles, CA}
}

@article{GelmanRubin1992,
 author               = {Gelman, A. and Rubin, D. B.},
 journal              = {Statistical Science},
 pages                = {457--511},
 title                = {Inference from iterative simulation using multiple sequences (with discussion)},
 volume               = {7},
 year                 = {1992},
 }
 
@book{gelmanhill2006,
	title = {Data Analysis Using Regression and Multilevel/Hierarchical Models.},
	publisher = {Cambridge University Press},
	author = {Gelman, A. and Hill, J.},
	year = {2006},
}
 
@misc{gelman2020workflow,
      title={Bayesian Workflow}, 
      author={Gelman, A. and A. Vehtari and D. Simpson and C. C. Margossian and B. Carpenter and Y. Yao and L. Kennedy and J. Gabry and P.-C. Bürkner and M. Modrák},
      year={2020},
      eprint={2011.01808},
      archivePrefix={arXiv},
      primaryClass={stat.ME}
}
 

@Article{Gervasi2017,
author={Gervasi, V. and Boitani, L. and Paetkau, D. and Posillico, M. and Randi, E. and Ciucci, P.},
title={Estimating survival in the {A}pennine brown bear accounting for uncertainty in age classification},
journal={Population Ecology},
year={2017},
volume={59},
number={2},
pages={119--130}
}


 
@article{GimenezEtAl2014,
  title={Fitting occupancy models with {E-SURGE}: hidden {M}arkov modelling of presence--absence data},
  author={Gimenez, Olivier and Blanc, Laetitia and Besnard, Aur{\'e}lien and Pradel, Roger and Doherty Jr, Paul F and Marboutin, Eric and Choquet, R{\'e}mi},
  journal={Methods in Ecology and Evolution},
  volume={5},
  number={6},
  pages={592--597},
  year={2014},
  publisher={Wiley Online Library}
}

@article{gimenez_estimating_2018,
  title = {Estimating individual fitness in the wild using capture-recapture data},
  volume = {60},
  number = {1-2},
  journal = {Population Ecology},
  author = {Gimenez, O. and Gaillard, J.-M.},
  year = {2018},
  pages = {101--109}
}


@article{gimenez2009fitness,
	author = {Gimenez, O. and Gr{\'e}goire, A. and Lenormand, T.},
	journal = {Evolution},
	number = {12},
	pages = {3097-3105},
	title = {Estimating and visualizing fitness surfaces using mark--recapture data},
	volume = {63},
	year = {2009}}

@article{gimenez2007,
	author = {O. Gimenez and V. Rossi and R. Choquet and C. Dehais and B. Doris and H. Varella and J.-P. Vila and R. Pradel},
	journal = {Ecological Modelling},
	number = {3},
	pages = {431-438},
	title = {State-space modelling of data on marked individuals},
	volume = {206},
	year = {2007}}

@incollection{gimenez2009,
  title={Weak Identifiability in Models for Mark-Recapture-Recovery Data},
  author={Gimenez, O. and Morgan, B. J. T. and Brooks, S. P.},
  booktitle={Modeling demographic processes in marked populations},
  editor = {Thomson, D. L. and Cooch, E. G. and Conroy, M. J.},
  pages={8-48},
  year={2009},
  publisher={Springer}
}

@incollection{gimenez2009winbugs,
	title = {{WinBUGS} for Population Ecologists: {B}ayesian Modeling Using {Markov chain Monte Carlo} Methods},
	booktitle = {Modeling {Demographic} {Processes} {In} {Marked} {Populations}},
	publisher = {Springer},
	author = {Gimenez, O. and Bonner, S. J. and King, R. and Parker, R.A. and Brooks, S.P. and Jamieson, L.E. and Grosbois, V. and Morgan, B.J.T. and Thomas, L.},
	editor = {Thomson, D. L. and Cooch, E. G. and Conroy, M. J.},
	year = {2009},
	pages = {883--915}
}

@article{gimenez_estimating_2012,
	title = {Estimating demographic parameters using hidden process dynamic models},
	volume = {82},
	number = {4},
	journal = {Theoretical Population Biology},
	author = {Gimenez, O. and Lebreton, J.-D. and Gaillard, J.-M. and Choquet, R. and Pradel, R.},
	year = {2012},
	pages = {307--316}
}

@article{gimenez2018ih,
	author = {Gimenez, O. and Cam, E. and Gaillard, J.-M.},
	journal = {Oikos},
	number = {5},
	pages = {664-686},
	title = {Individual heterogeneity and capture--recapture models: what, why and how?},
	volume = {127},
	year = {2018}}


@Article{gimenez2018r2ucare,
  title = {R2ucare: An {R} package to perform goodness-of-fit tests for capture–recapture models},
  author = {Gimenez, O. and {Lebreton} and J.-D. and {Choquet} and R. and {Pradel} and R.},
  journal = {Methods in Ecology and Evolution},
  year = {2018},
  volume = {9},
  number = {7},
  pages = {1749-1754}
}

@article{GimenezEtAl2019,
  title={Inferring animal social networks with imperfect detection},
  author={Gimenez, Olivier and Mansilla, Lorena and Klaich, M Javier and Coscarella, Mariano A and Pedraza, Susana N and Crespo, Enrique A},
  journal={Ecological modelling},
  volume={401},
  pages={69--74},
  year={2019},
  publisher={Elsevier}
}
 

@article{gimenez2005profile,
	author = {Gimenez, O. and Choquet, R. and Lamor, L. and Scofield, P. and Fletcher, D. and Lebreton, J.-D. and Pradel, R.},
	journal = {Journal of Agricultural, Biological, and Environmental Statistics},
	number = {2},
	pages = {184--196},
	title = {Efficient profile--likelihood confidence intervals for capture--recapture models},
	volume = {10},
	year = {2005}}
 
 
@article{glennie2019open,
  title={Open population maximum likelihood spatial capture-recapture},
  author={Glennie, Richard and Borchers, David L and Murchie, Matthew and Harmsen, Bart J and Foster, Rebecca J},
  journal={Biometrics},
  volume={75},
  number={4},
  pages={1345--1355},
  year={2019},
  publisher={Wiley Online Library}
}

@Manual{GoldsteinEtAl2019,
    title = {{nimbleEcology}: Distributions for Ecological Models in 'nimble'},
    author = {B. R. Goldstein and D. Turek and L. Ponisio and P. {de Valpine}},
    year = {2019},
    note = {R package version 0.1.0},
    url = {https://CRAN.R-project.org/package=nimbleEcology},
}

@article{GrewalEtAl2019,
  title={{M}arkov models ---{M}arkov chains},
  author={Grewal, Jasleen K and Krzywinski, Martin and Altman, Naomi S},
  journal={Nature Methods},
  volume={16},
  number={8},
  pages={663--664},
  year={2019},
  publisher={Nature Publishing Group}
}

@article{GrewalEtal2019hidden,
	Author = {Grewal, Jasleen K. and Krzywinski, Martin and Altman, Naomi},
	Doi = {10.1038/s41592-019-0532-6},
	Journal = {Nature Methods},
	Number = {9},
	Pages = {795--796},
	Title = {{M}arkov models ---hidden {M}arkov models},
	Url = {https://doi.org/10.1038/s41592-019-0532-6},
	Volume = {16},
	Year = {2019},
}

@article{heller_novel_2021,
	title = {A novel approach to teaching {Hidden} {Markov} {Models} to a diverse undergraduate population},
	volume = {7},
	number = {3},
	journal = {Heliyon},
	author = {Heller, P. and Pogaru, P.},
	month = mar,
	year = {2021},
}

@book{HootenEtAl2017,
  title={Animal Movement: Statistical Models for Telemetry Data},
  author={Hooten, M. B. and Johnson, D. S. and McClintock, B. T. and Morales, J. M.},
  year={2017},
  publisher={{Chapman and Hall/CRC}}
}

@article{jackson2003multistate,
  title={Multistate {M}arkov models for disease progression with classification error},
  author={Jackson, Christopher H and Sharples, Linda D and Thompson, Simon G and Duffy, Stephen W and Couto, Elisabeth},
  journal={Journal of the Royal Statistical Society: Series D (The Statistician)},
  volume={52},
  number={2},
  pages={193--209},
  year={2003},
  publisher={Wiley Online Library}
}

@article{Jolly1965,
  title={Explicit estimates from capture-recapture data with both death and immigration-stochastic model},
  author={Jolly, George M},
  journal={Biometrika},
  volume={52},
  number={1/2},
  pages={225--247},
  year={1965},
  publisher={JSTOR}
}

@incollection{JurafskySpeechAL,
	title = {Appendix on {H}idden {M}arkov models},
	booktitle = {Speech and Language Processing},
	edition = {3rd edition},
	publisher = {Prentice Hall},
	author = {D. Jurafsky and J. H. Martin},
	editor = {D. Jurafsky and J. H. Martin},
	year = {2023},
	url = {https://web.stanford.edu/~jurafsky/slp3/},
}

@Article{kanya90,
  author =	 {Kanyamibwa, S. and Schierer, A. and Pradel, R. and Lebreton, J.-D.},
  title =	 {Changes in adult survival rates in a western {E}uropean population of the {W}hite {S}tork {\it Ciconia ciconia}},
  journal =	 {Ibis},
  year =	 1990,
  volume =	 132,
  pages =	 {27-35}
}

@article{KellnerSwihart2014,
  title={Accounting for imperfect detection in ecology: {A} quantitative review},
  author={Kellner, K. F. and Swihart, R. K.},
  journal={PLoS ONE},
  volume={9},
  number={10},
  pages={e111436},
  year={2014},
  publisher={Public Library of Science}
}

@incollection{Kendall2009,
  title={One size does not fit all: adapting mark-recapture and occupancy models for state uncertainty},
  author={Kendall, William L},
  booktitle={Modeling demographic processes in marked populations},
  pages={765--780},
  year={2009},
  publisher={Springer}
}

@article{KendallEtAl1997,
  title={Estimating temporary emigration using capture-recapture data with Pollock's robust design},
  author={Kendall, William L and Nichols, James D and Hines, James E},
  journal={Ecology},
  volume={78},
  number={2},
  pages={563-578},
  year={1997},
  publisher={Eco Soc America}
}

@article{KendallNichols2002,
 author               = {Kendall, W. L. and Nichols, J. D.},
 journal              = {Ecology},
 pages                = {3276-3284},
 title                = {Estimating state-transition probabilities for unobservable states using capture-recapture/resighting data},
 volume               = {83},
 year                 = {2002},
 }
 
@article{KendallEtAl2012,
  title={Estimating parameters of hidden {M}arkov models based on marked individuals: use of robust design data},
  author={Kendall, William L and White, Gary C and Hines, James E and Langtimm, Catherine A and Yoshizaki, Jun},
  journal={Ecology},
  volume={93},
  number={4},
  pages={913--920},
  year={2012},
  publisher={Wiley Online Library}
}
 
@article{KerySchmidt2008,
  title={Imperfect detection and its consequences for monitoring for conservation},
  author={K{\'e}ry, Marc and Schmidt, B},
  journal={Community Ecology},
  volume={9},
  number={2},
  pages={207--216},
  year={2008},
  publisher={Akad{\'e}miai Kiad{\'o}}
}

@book{KerySchaub2011,
  title={Bayesian Population Analysis Using {WinBUGS}: a Hierarchical Perspective},
  author={K{\'e}ry, Marc and Schaub, Michael},
  year={2011},
  publisher={Academic Press}
}


@article{khan2022rsr,
	author = {Khan, K. and Calder, C.A.},
	journal = {Journal of the American Statistical Association},
	number = {537},
	pages = {482-494},
	title = {Restricted Spatial Regression Methods: Implications for Inference},
	volume = {117},
	year = {2022}}

@article{king2016semi,
  title={Semi-{M}arkov {A}rnason--{S}chwarz models},
  author={King, Ruth and Langrock, Roland},
  journal={Biometrics},
  volume={72},
  number={2},
  pages={619--628},
  year={2016},
  publisher={Wiley Online Library}
}

@article{KingEtAl2015,
 author               = {King, R. and McClintock, B. T. and Kidney, D. and Borchers, D. L.},
 journal              = {The Annals of Applied Statistics},
 pages                = {},
 title                = {Capture-recapture abundance estimation using a semi-complete data likelihood approach},
 volume               = {},
 year                 = {2015},
 }
 
@article{KristensenEtAl2016,
  title={TMB: Automatic differentiation and laplace approximation},
  author={Kristensen, Kasper and Nielsen, Anders and Berg, Casper Willestofte and Skaug, Hans J and Bell, Brad},
  journal={Journal of Statistical Software},
  volume={70},
  number={5},
  pages={1--21},
  year={2016},
  publisher={The Foundation for Open Access Statistics}
}

@Manual{Laake2013rmark,
    title = {{RM}ark: An {R} Interface for Analysis of Capture-Recapture Data with {MARK}},
    organization = {AFSC Processed Rep 2013-01, 25p. Alaska Fish. Sci. Cent., NOAA, Natl. Mar. Fish. Serv., 7600 Sand Point Way NE, Seattle WA 98115},
    author = {Laake, J. L.},
    year = {2013},
}

@Manual{Laake2013hmm,
  title={Capture-recapture analysis with hidden {M}arkov models},
  organization = {AFSC Processed Rep. 2013-04, 34 p. Alaska Fish. Sci. Cent., NOAA, Natl. Mar.
Fish. Serv., 7600 Sand Point Way NE, Seattle WA 98115},
  author={Laake, Jeffrey Lee},
  year={2013}
}

@article{LaakeEtAl2013,
  title={marked: an {R} package for maximum likelihood and {M}arkov Chain {M}onte {C}arlo analysis of capture--recapture data},
  author={Laake, Jeff L. and Johnson, Devin S. and Conn, Paul B.},
  journal={Methods in Ecology and Evolution},
  volume={4},
  number={9},
  pages={885-890},
  year={2013},
  publisher={Wiley Online Library}
}

@article{LagrangeEtAl2014,
  title={Estimating dispersal among numerous sites using capture--recapture data},
  author={Lagrange, Pam{\'e}la and Pradel, Roger and B{\'e}lisle, Marc and Gimenez, Olivier},
  journal={Ecology},
  volume={95},
  number={8},
  pages={2316--2323},
  year={2014},
  publisher={Wiley Online Library}
}

@article{LamyEtAl2013,
  title={Metapopulation dynamics of species with cryptic life stages},
  author={Lamy, Thomas and Gimenez, Olivier and Pointier, Jean-Pierre and Jarne, Philippe and David, Patrice},
  journal={The American Naturalist},
  volume={181},
  number={4},
  pages={479--491},
  year={2013},
  publisher={University of Chicago Press Chicago, IL}
}

@article{langrock2018spline,
  title={Spline-based nonparametric inference in general state-switching models},
  author={Langrock, Roland and Adam, Timo and Leos-Barajas, Vianey and Mews, Sina and Miller, David L and Papastamatiou, Yannis P},
  journal={Statistica Neerlandica},
  volume={72},
  number={3},
  pages={179--200},
  year={2018},
  publisher={Wiley Online Library}
}

@article{LangrockZucchini2011,
  title={Hidden {M}arkov models with arbitrary state dwell-time distributions},
  author={Langrock, Roland and Zucchini, W},
  journal={Computational Statistics \& Data Analysis},
  volume={55},
  number={1},
  pages={715--724},
  year={2011},
  publisher={Elsevier}
}


@article{langrock2013maximum,
  title={Maximum likelihood estimation of mark--recapture--recovery models in the presence of continuous covariates},
  author={Langrock, R. and King, R.},
  journal={The Annals of Applied Statistics},
  volume={7},
  number={3},
  pages={1709--1732},
  year={2013}
}

@article{LachishEtAl2011,
  title={Infection dynamics of endemic malaria in a wild bird population: parasite species-dependent drivers of spatial and temporal variation in transmission rates},
  author={Lachish, Shelly and Knowles, Sarah CL and Alves, Ricardo and Wood, Matthew J and Sheldon, Ben C},
  journal={Journal of Animal Ecology},
  volume={80},
  number={6},
  pages={1207--1216},
  year={2011},
  publisher={Wiley Online Library}
}

@article{LebretonEtAl1992,
 author               = {Lebreton, J.-D. and Burnham, K. P. and Clobert, J. and Anderson, D. R.},
 journal              = {Ecological Monographs},
 pages                = {67-118},
 title                = {Modeling survival and testing biological hypotheses using marked animals: {A} unified approach with case studies},
 volume               = {62},
 year                 = {1992},
 }
 
@article{lebreton1999,
 author               = {Lebreton, J.-D. and Almeras, T. and Pradel, R.},
 journal              = {Bird Study},
 pages                = {39-46},
 title                = {Competing events, mixtures of information and multistratum recapture models},
 volume               = {46},
 year                 = {1999},
 }

@article{LebretonEtAl2009,
	title = {Modeling individual animal histories with multistate capture--recapture models},
	volume = {41},
	journal = {Advances in Ecological Research},
	author = {Lebreton, J.-D. and Nichols, J. D. and Barker, R. J. and Pradel, R. and Spendelow, J. A.},
	year = {2009},
	pages = {87--173}
} 
 
@book{Lincoln1930,
  title={Calculating waterfowl abundance on the basis of banding returns},
  author={Lincoln, Frederick Charles},
  number={118},
  year={1930},
  publisher={US Department of Agriculture}
}

@article{Lindberg2012,
 author               = {Lindberg, M. S.},
 issue                = {Suppl 2},
 journal              = {Journal of Ornithology},
 pages                = {S355-S370},
 title                = {A review of designs for capture-mark-recapture studies in discrete time},
 volume               = {152 (Suppl 2)},
 year                 = {2012},
 }
 
@article{LindenmayerEtAl2012,
  title={Value of long-term ecological studies},
  author={Lindenmayer, David B and Likens, Gene E and Andersen, Alan and Bowman, David and Bull, C Michael and Burns, Emma and Dickman, Chris R and Hoffmann, Ary A and Keith, David A and Liddell, Michael J and others},
  journal={Austral Ecology},
  volume={37},
  number={7},
  pages={745--757},
  year={2012},
  publisher={Wiley Online Library}
}

@article{LinkBarker2005,
 author               = {Link, W. A. and Barker, R. J},
 journal              = {Biometrics},
 pages                = {46--54},
 title                = {Modeling association among demographic parameters in analysis of open populiation capture-recapture data},
 volume               = {61},
 year                 = {2005},
 }

@article{LinkEtAl2010,
 author               = {Link, W. A. and Yoshizaki, J. and Bailey, L. L. and Pollock, K. H.},
 journal              = {Biometrics},
 owner                = {paul.conn},
 pages                = {178-185},
 timestamp            = {2009.12.21},
 title                = {Uncovering a latent multinomial: analysis of mark-recapture data with misidentification},
 volume               = {66},
 year                 = {2010},
 }
 
@article{LloydEtAl2020,
  title={Trade-offs between age-related breeding improvement and survival senescence in highly polygynous elephant seals: Dominant males always do better},
  author={Lloyd, Kyle J and Oosthuizen, W Chris and Bester, Marth{\'a}n N and de Bruyn, PJ Nico},
  journal={Journal of Animal Ecology},
  year={2020},
  volume={89},
  issue={3},
  pages={897--909},
  publisher={Wiley Online Library}
}
 
@article{LukacsBurnham2005a,
  title={Review of capture--recapture methods applicable to noninvasive genetic sampling},
  author={Lukacs, Paul M and Burnham, Kenneth P},
  journal={Molecular ecology},
  volume={14},
  number={13},
  pages={3909--3919},
  year={2005},
  publisher={Wiley Online Library}
}

@article{LukacsBurnham2005b,
 author               = {Lukacs, P. M. and Burnham, K. P.},
 journal              = {Journal of Wildlife Management},
 owner                = {paul.conn},
 pages                = {396-403},
 timestamp            = {2010.01.27},
 title                = {Estimating population size from {D}{N}{A}-based closed capture-recapture data incorporating genotyping error},
 volume               = {69},
 year                 = {2005},
 }
 
@article{LunnEtAl2009,
  title={The BUGS project: Evolution, critique and future directions},
  author={Lunn, David and Spiegelhalter, David and Thomas, Andrew and Best, Nicky},
  journal={Statistics in medicine},
  volume={28},
  number={25},
  pages={3049--3067},
  year={2009},
  publisher={Wiley Online Library}
}

@book{LunnEtAl2012,
  title={The {BUGS} book: A practical introduction to Bayesian analysis},
  author={Lunn, David and Jackson, Chris and Best, Nicky and Spiegelhalter, David and Thomas, Andrew},
  year={2012},
  publisher={{Chapman and Hall/CRC}}
}
 
@book{mccarthy2007, 
title={Bayesian Methods for Ecology}, 
publisher={Cambridge University Press}, 
author={McCarthy, M. A.}, 
year={2007}
}


@article{mccarthy2005,
	author = {McCarthy, M. A. and Masters, P.},
	journal = {Journal of Applied Ecology},
	number = {6},
	pages = {1012-1019},
	title = {Profiting from prior information in Bayesian analyses of ecological data},
	volume = {42},
	year = {2005}}

 
@article{MackenzieEtAl2002,
  title={Estimating site occupancy rates when detection probabilities are less than one},
  author={MacKenzie, Darryl I and Nichols, James D and Lachman, Gideon B and Droege, Sam and Andrew Royle, J and Langtimm, Catherine A},
  journal={Ecology},
  volume={83},
  number={8},
  pages={2248--2255},
  year={2002},
  publisher={Wiley Online Library}
}

@article{MackenzieEtAl2003,
  title={Estimating site occupancy, colonization, and local extinction when a species is detected imperfectly},
  author={MacKenzie, Darryl I and Nichols, James D and Hines, James E and Knutson, Melinda G and Franklin, Alan B},
  journal={Ecology},
  volume={84},
  number={8},
  pages={2200--2207},
  year={2003},
  publisher={Wiley Online Library}
}

@article{MackenzieEtAl2009,
  title={Modeling species occurrence dynamics with multiple states and imperfect detection},
  author={MacKenzie, Darryl I and Nichols, James D and Seamans, Mark E and Guti{\'e}rrez, RJ},
  journal={Ecology},
  volume={90},
  number={3},
  pages={823--835},
  year={2009},
  publisher={Wiley Online Library}
}
 
@book{MackenzieEtAl2018,
  title={Occupancy Estimation and Modeling: Inferring Patterns and Dynamics of Species Occurrence},
  author={MacKenzie, Darryl I and Nichols, James D and Royle, J Andrew and Pollock, Kenneth H and Bailey, Larissa and Hines, James E},
  year={2018},
	edition = {2nd edition},
  publisher={Elsevier}
}

@article{MadonEtAl2011,
  title={A new method for estimating animal abundance with two sources of data in capture--recapture studies},
  author={Madon, B{\'e}n{\'e}dicte and Gimenez, Olivier and McArdle, Brian and Scott Baker, C and Garrigue, Claire},
  journal={Methods in Ecology and Evolution},
  volume={2},
  number={4},
  pages={390--400},
  year={2011},
  publisher={Wiley Online Library}
}

@article{ManriqueVallier&Fienberg2008,
 author               = {Manrique-Vallier, D. and Fienberg, S. E.},
 journal              = {Biometrical Journal},
 pages                = {1051-1063},
 title                = {Population size estimation using individual level mixture models},
 volume               = {50},
 year                 = {2008},
}
 
@article{MarescotEtAl2018,
	title = {Social status mediates the fitness costs of infection with canine distemper virus in {Serengeti} spotted hyenas},
	volume = {32},
	number = {5},
	journal = {Functional Ecology},
	author = {Marescot, L. and Benhaiem, S. and Gimenez, O. and Hofer, H. and Lebreton, J.-D. and Olarte-Castillo, X. A. and Kramer-Schadt, S. and East, M. L.},
	year = {2018},
	pages = {1237--1250}
}

@article{MartinEtAl2005,
  title={Zero tolerance ecology: improving ecological inference by modelling the source of zero observations},
  author={Martin, Tara G and Wintle, Brendan A and Rhodes, Jonathan R and Kuhnert, Petra M and Field, Scott A and Low-Choy, Samantha J and Tyre, Andrew J and Possingham, Hugh P},
  journal={Ecology Letters},
  volume={8},
  number={11},
  pages={1235--1246},
  year={2005},
  publisher={Wiley Online Library}
}

@article{MartinEtAl2009,
  title={Dynamic multistate site occupancy models to evaluate hypotheses relevant to conservation of Golden Eagles in {D}enali {N}ational {P}ark, {A}laska},
  author={Martin, Julien and McIntyre, Carol L and Hines, James E and Nichols, James D and Schmutz, Joel A and MacCluskie, Maggie C},
  journal={Biological Conservation},
  volume={142},
  number={11},
  pages={2726--2731},
  year={2009}
}


@article{marzo2011,
	author = {Marzolin, G. and Charmantier, A. and Gimenez, O.},
	journal = {Ecology},
	number = {3},
	pages = {562-567},
	title = {Frailty in state-space models: application to actuarial senescence in the Dipper},
	volume = {92},
	year = {2011}}

@article{mcclintock_uncovering_2020,
	title = {Uncovering ecological state dynamics with hidden {Markov} models},
	volume = {23},
	number = {12},
	journal = {Ecology Letters},
	author = {McClintock, B. T. and Langrock, R. and Gimenez, O. and Cam, E. and Borchers, D. L. and Glennie, R. and Patterson, T. A.},
	year = {2020},
	pages = {1878--1903},
}


@article{McClintockEtAl2010,
  title={Seeking a second opinion: uncertainty in disease ecology},
  author={McClintock, Brett T and Nichols, James D and Bailey, Larissa L and MacKenzie, Darryl I and Kendall, William L and Franklin, Alan B},
  journal={Ecology Letters},
  volume={13},
  number={6},
  pages={659--674},
  year={2010},
  publisher={Wiley Online Library}
}
 
@article{McClintockEtAl2019,
  title={Improved methods for estimating abundance and related demographic parameters from mark-resight data},
  author={McClintock, Brett T and White, Gary C and Pryde, Moira A},
  journal={Biometrics},
  volume={75},
  number={3},
  pages={799--809},
  year={2019},
  publisher={Wiley Online Library}
}

@article{McClintockWhite2009,
 author               = {McClintock, B. T. and White, G. C.},
 journal              = {Ecology},
 pages                = {313-320},
 title                = {A less field-intensive robust design for estimating demographic parameters with mark-resight data},
 volume               = {90},
 year                 = {2009},
 }
 
@book{McCullaghNelder1989,
 author               = {McCullagh, P. and Nelder, J. A.},
 publisher            = {{Chapman and Hall/CRC}},
 title                = {Generalized Linear Models},
 year                 = {1989},
 }
 
@article{Mcdonald2017,
  title={Survival, density, and abundance of common bottlenose dolphins in {B}arataria {B}ay ({USA}) following the {D}eepwater {H}orizon oil spill},
  author={McDonald, Trent L and Hornsby, Fawn E and Speakman, Todd R and Zolman, Eric S and Mullin, Keith D and Sinclair, Carrie and Rosel, Patricia E and Thomas, Len and Schwacke, Lori H},
  journal={Endangered Species Research},
  volume={33},
  pages={193--209},
  year={2017}
}

@book{mcelreathbook,
	edition = {2nd edition},
	title = {Statistical {Rethinking}: {A} {Bayesian} {Course} with {Examples} in {R} and {Stan}},
	shorttitle = {Statistical {Rethinking}},
	publisher = {{Chapman and Hall/CRC}},
	author = {McElreath, R.},
	year = {2020},
}

@book{mcgrayne2011,
	title = {The {Theory} {That} {Would} {Not} {Die}: {How} {Bayes}' {Rule} {Cracked} the {Enigma} {Code}, {Hunted} {Down} {Russian} {Submarines}, and {Emerged} {Triumphant} from {Two} {Centuries} of {Controversy}},
	publisher = {Yale University Press},
	author = {McGrayne, S. B.},
	year = {2011},
}


@article{MillerEtAl2011,
  title={Improving occupancy estimation when two types of observational error occur: non-detection and species misidentification},
  author={Miller, David A and Nichols, James D and McClintock, Brett T and Grant, Evan H Campbell and Bailey, Larissa L and Weir, Linda A},
  journal={Ecology},
  volume={92},
  number={7},
  pages={1422--1428},
  year={2011},
  publisher={Wiley Online Library}
}

@article{MillerEtAl2018,
  title={Quantifying climate sensitivity and climate-driven change in {N}orth {A}merican amphibian communities},
  author={Miller, David AW and Grant, Evan H Campbell and Muths, Erin and Amburgey, Staci M and Adams, Michael J and Joseph, Maxwell B and Waddle, J Hardin and Johnson, Pieter TJ and Ryan, Maureen E and Schmidt, Benedikt R and others},
  journal={Nature communications},
  volume={9},
  number={1},
  pages={3926},
  year={2018},
  publisher={Nature Publishing Group}
}

@article{MorrisonEtAl2011,
 author               = {Morrison, T. A. and Yoshizaki, J. and Nichols, J. D. and Bolger, D. T.},
 journal              = {Methods in Ecology and Evolution},
 pages                = {454-463},
 title                = {Estimating survival in photographic capture-recapture studies: overcoming misidentification error},
 volume               = {2},
 year                 = {2011},
 }
 
@article{Myung2003,
  title={Tutorial on maximum likelihood estimation},
  author={Myung, In Jae},
  journal={Journal of Mathematical Psychology},
  volume={47},
  number={1},
  pages={90--100},
  year={2003},
  publisher={Elsevier}
}


@article{nater2020trout,
	author = {Nater, C. R. and Vindenes, Y. and Aass, P. and Cole, D. and Langangen, O. and Moe, S. J. and Rustadbakken, A. and Turek, D. and V{\o}llestad, L. A. and Ergon, T.},
	journal = {Journal of Animal Ecology},
	number = {9},
	pages = {2122-2133},
	title = {Size- and stage--dependence in cause-specific mortality of migratory brown trout},
	volume = {89},
	year = {2020}}


@article{NewmanEtAl2006,
 author               = {Newman, K. B. and Buckland, S. T. and Lindley, S. T. and Thomas, L. and Fern\`{a}ndez, C.},
 journal              = {Ecological Applications},
 pages                = {74-86},
 title                = {Hidden process models for animal population dynamics},
 volume               = {16},
 year                 = {2006},
 }

@article{NicholsEtAl1994,
	title = {Estimating breeding proportions and testing hypotheses about costs of reproduction with capture-recapture data},
	volume = {75},
	number = {7},
	journal = {Ecology},
	author = {Nichols, J. D. and Hines, J. E. and Pollock, K. H. and Hinz, R. L. and Link, W. A.},
	year = {1994},
	pages = {2052--2065}
}

@article{NicholsEtAl1992,
	title = {Estimating transition probabilities for stage-based population projection matrices using capture--recapture data},
	volume = {73},
	journal = {Ecology},
	author = {Nichols, J.D. and Sauer, J.R. and Pollock, K. H. and Hestbeck, J. B.},
	year = {1992},
	pages = {306--312}
}

@article{NicholsEtAl2004,
 author               = {Nichols, J. D. and Kendall, W. L. and Hines, J. E. and Spendelow, J. A.},
 journal              = {Ecology},
 pages                = {3192-3201},
 title                = {Estimation of sex-specific survival from capture-recapture data when sex is not always known},
 volume               = {85},
 year                 = {2004},
 }
 
@incollection{NicholsEtAl2009,
  title={Inferences about landbird abundance from count data: recent advances and future directions},
  author={Nichols, James D and Thomas, Len and Conn, Paul B},
  booktitle={Modeling Demographic Processes in Marked Populations},
  pages={201--235},
  year={2009},
  publisher={Springer}
}

@book{OConnellEtAl2010,
  title={Camera traps in animal ecology: methods and analyses},
  author={O'Connell, Allan F and Nichols, James D and Karanth, K Ullas},
  year={2010},
  publisher={Springer Science \& Business Media}
}

@article{OtisEtAl1978,
 author               = {Otis, D. L. and Burnham, K. P. and White, G. C. and Anderson, D. R.},
 journal              = {Wildlife Monographs},
 pages                = {7--135},
 title                = {Statistical-inference from capture data on closed animal populations},
 volume               = {62},
 year                 = {1978},
 }

@misc{paganin2023computational,
      title={Computational methods for fast Bayesian model assessment via calibrated posterior p-values}, 
      author={Paganin, S. and {de Valpine}, P.},
      year={2023},
      eprint={2306.04866},
      archivePrefix={arXiv},
      primaryClass={stat.ME}
}

@article{patterson2008state,
  title={State--space models of individual animal movement},
  author={Patterson, T. A. and Thomas, L. and Wilcox, C. and Ovaskainen, O. and Matthiopoulos, J.},
  journal={Trends in Ecology \& Evolution},
  volume={23},
  number={2},
  pages={87--94},
  year={2008}
}

@article{PattersonEtAl2009,
  title={Classifying movement behaviour in relation to environmental conditions using hidden {M}arkov models},
  author={Patterson, T.A. and Basson, M. and Bravington, M.V. and Gunn, J.S.},
  journal={Journal of Animal Ecology},
  volume={78},
  number={6},
  pages={1113--1123},
  year={2009}
}

@article{patterson2017statistical,
  title={Statistical modelling of individual animal movement: an overview of key methods and a discussion of practical challenges},
  author={Patterson, T.A. and Parton, A. and Langrock, R. and Blackwell, P.G. and Thomas, L. and King, K.},
  journal={AStA Advances in Statistical Analysis},
  volume={101},
  number={4},
  pages={399--438},
  year={2017}
}

@article{PedersenEtAl2011,
  title={Estimation methods for nonlinear state--space models in ecology},
  author={Pedersen, M. W. and Berg, C.W. and Thygesen, U. H. and Nielsen, A. and Madsen, H.},
  journal={Ecological Modelling},
  volume={222},
  number={8},
  pages={1394--1400},
  year={2011}
}
 
@article{Peron2011,
  title={Nonparametric spatial regression of survival probability: visualization of population sinks in {E}urasian Woodcock},
  author={P{\'e}ron, G. and Ferrand, Y. and Gossmann, F. and Bastat, C. and Guenezan, M. and Gimenez, O.},
  journal={Ecology},
  volume={92},
  number={8},
  pages={1672--1679},
  year={2011}
}
 
@inproceedings{Plummer2003,
  title={{JAGS}: A program for analysis of {B}ayesian graphical models using {G}ibbs sampling},
  author={Plummer, M.},
  booktitle={Proceedings of the 3rd international workshop on distributed statistical computing},
  volume={124},
  pages={1--10},
  year={2003},
  organization={Vienna, Austria.}
}

@Manual{Plummer2019,
    title = {rjags: Bayesian Graphical Models using MCMC},
    author={Plummer, M.},
    year = {2019},
    note = {R package version 4-9},
    url = {https://CRAN.R-project.org/package=rjags},
}

@article{PluntzEtAl2018,
	title = {A general method for estimating seed dormancy and colonisation in annual plants from the observation of existing flora},
	volume = {21},
	number = {9},
	journal = {Ecology Letters},
	author = {Pluntz, M. and {Le Coz}, S. and Peyrard, N. and Pradel, R. and Choquet, R. and Cheptou, P.-O.},
	year = {2018},
	pages = {1311--1318}
}

@article{pohle2017selecting,
  title={Selecting the number of states in hidden {M}arkov models: {P}ragmatic solutions illustrated using animal movement},
  author={Pohle, J. and Langrock, R. and van Beest, F.M. and Schmidt, N.M.},
  journal={Journal of Agricultural, Biological and Environmental Statistics},
  volume={22},
  number={3},
  pages={270--293},
  year={2017}
}

@article{Pollock2002,
 author               = {Pollock, K. H.},
 journal              = {Journal of Applied Statistics},
 pages                = {85--102},
 title                = {The use of auxiliary variables in capture-recapture modeling: an overview},
 volume               = {29},
 year                 = {2002},
 }
 
@article{Pradel1996,
 author               = {Pradel, R.},
 journal              = {Biometrics},
 pages                = {703-709},
 title                = {Utilization of capture-mark-recapture for the study of recruitment and population growth rate},
 volume               = {52},
 year                 = {1996},
 }

@article{pradel1997,
 author               = {Pradel, R. and Johnson, A.R. and Viallefont, A. and Nager, R.G. and Césilly, F.},
 journal              = {Ecology},
 pages                = {1431--1445},
 title                = {Local recruitment in the {G}reater flamingo: {A} new approach using capture--mark--recapture data},
 volume               = {78},
 year                 = {1997},
 }

@article{pradel_multievent_2005,
	title = {Multievent: {An} {Extension} of {Multistate} {Capture}–{Recapture} {Models} to {Uncertain} {States}},
	volume = {61},
	number = {2},
	journal = {Biometrics},
	author = {Pradel, R.},
	year = {2005},
	pages = {442--447}
}

 
@incollection{pradel2009,
  title={The Stakes of Capture–Recapture Models with State Uncertainty},
  author={Pradel, R.},
  booktitle={Modeling demographic processes in marked populations},
  editor = {Thomson, D. L. and Cooch, E. G. and Conroy, M. J.},
  pages={781-795},
  year={2009},
  publisher={Springer}
}

@article{Rabiner1989,
  title={A tutorial on hidden {M}arkov models and selected applications in speech recognition},
  author={Rabiner, L.R.},
  journal={Proceedings of the IEEE},
  volume={77},
  number={2},
  pages={257--286},
  year={1989},
  publisher={Ieee}
}
 
@Manual{RCoreTeam2019,
    title = {R: A Language and Environment for Statistical Computing},
    author = {{R Core Team}},
    organization = {R Foundation for Statistical Computing},
    address = {Vienna, Austria},
    year = {2019},
    url = {https://www.R-project.org/},
}


@article{rose2018,
	author = {Rose, J. P. and Wylie, G. D. and Casazza, M. L. and Halstead, B. J.},
	journal = {Ecosphere},
	number = {8},
	pages = {e02384},
	title = {Integrating growth and capture--mark--recapture models reveals size-dependent survival in an elusive species},
	volume = {9},
	year = {2018}}


@book{RoyleDorazio2008,
  title={Hierarchical Modeling and Inference in Ecology: the analysis of data from populations, metapopulations and communities},
  author={Royle, J.A. and Dorazio, R.M.},
  year={2008},
  publisher={Elsevier}
}

@article{Royle2015,
  title={Spatial Capture-recapture with Partial Identity},
  author={Royle, J.A.},
  journal={arXiv preprint arXiv:1503.06873},
  year={2015}
}

@article{RoyleEtAl2009,
 author               = {Royle, J. A. and Karanth, K. U. and Gopalaswamy, A. M. and Kumar, N. S.},
 journal              = {Ecology},
 pages                = {3233-3244},
 title                = {Bayesian inference in camera trapping studies for a class of spatial capture-recapture models},
 volume               = {90},
 year                 = {2009},
}

@book{RoyleEtAl2013book,
  title={Spatial Capture-Recapture},
  author={Royle, J.A. and Chandler, R. B. and Sollmann, R. and Gardner, B.},
  year={2013},
  publisher={Academic Press}
}


@article{royle2008,
	author = {Royle, J. A.},
	journal = {Biometrics},
	number = {2},
	pages = {364-370},
	title = {Modeling Individual Effects in the {Cormack--Jolly--Seber} Model: {A} State--Space Formulation},
	volume = {64},
	year = {2008}}


@article{RoyleEtAl2013,
  title={Spatial capture--recapture models for jointly estimating population density and landscape connectivity},
  author={Royle, J.A. and Chandler, R.B. and Gazenski, K.D. and Graves, T.A.},
  journal={Ecology},
  volume={94},
  number={2},
  pages={287--294},
  year={2013}
}

@article{Royle2016,
  title={Spatial capture--recapture models allowing {M}arkovian transience or dispersal},
  author={Royle, J.A. and Fuller, A.K. and Sutherland, C.},
  journal={Population ecology},
  volume={58},
  number={1},
  pages={53--62},
  year={2016}
}


@article{RoyleEtAl2018,
  title={Unifying population and landscape ecology with spatial capture--recapture},
  author={Royle, J.A. and Fuller, A.K. and Sutherland, C.},
  journal={Ecography},
  volume={41},
  number={3},
  pages={444--456},
  year={2018}
}

@article{RungeEtAl2007,
 author               = {Runge, J. P. and Hines, J. E. and Nichols, J. D.},
 journal              = {Ecology},
 pages                = {282-288},
 title                = {Estimating species-specific survival and movement when species identification is uncertain},
 volume               = {88},
 year                 = {2007},
 }
 
@article{SantostasiEtAl2019,
  title={Use of hidden {M}arkov capture--recapture models to estimate abundance in the presence of uncertainty: Application to the estimation of prevalence of hybrids in animal populations},
  author={Santostasi, N. L. and Ciucci, P. and Caniglia, R. and Fabbri, E. and Molinari, L. and Reggioni, W. and Gimenez, O.},
  journal={Ecology and Evolution},
  volume={9},
  number={2},
  pages={744--755},
  year={2019}
}


@article{saracco2010icar,
	author = {Saracco, J. F. and Royle, J. A. and DeSante, D. F. and Gardner, B.},
	journal = {Ecology},
	number = {7},
	pages = {1885-1891},
	title = {Modeling spatial variation in avian survival and residency probabilities},
	volume = {91},
	year = {2010}}

@article{Satter2019,
  title={Sex-specific population dynamics of ocelots in Belize using open population spatial capture--recapture},
  author={Satter, C.B. and Augustine, B.C. and Harmsen, B.J. and Foster, R.J. and Kelly, M.J.},
  journal={Ecosphere},
  volume={10},
  number={7},
  year={2019}
}

@article{schaub2004te,
 author               = {Schaub, M. and Gimenez, O. and Schmidt, B.R. and Pradel, R.},
 journal              = {Ecology},
 pages                = {2107--2113},
 title                = {Estimating Survival and Temporary Emigration in the Multistate Capture-Recapture Framework},
 volume               = {85},
 issue               = {8},
 year                 = {2004},
 }

@article{SchaubEtAl2005,
 author               = {Schaub, M. and Kania, W. and Koppen, U.},
 journal              = {Journal of Animal Ecology},
 pages                = {656-666},
 title                = {Variation of primary production during winter induces synchrony in survival rates in migratory white storks Ciconia ciconia},
 volume               = {74},
 year                 = {2005},
 }
 
 @article{Schaub2011,
  title={Integrated population models: a novel analysis framework for deeper insights into population dynamics},
  author={Schaub, M. and Abadi, F.},
  journal={Journal of Ornithology},
  volume={152},
  number={1},
  pages={227--237},
  year={2011},
  publisher={Springer}
}
 
@Article{schau05,
  author =	 {Schaub, M. and Kania, W. and Koppen U.},
  title =	 {Variation of primary production during winter induces synchrony in survival rates in migratory white storks {\it Ciconia ciconia}},
  journal =	 {Journal of Animal Ecology},
  year =	 2005,
  volume =	 74,
  pages =	 {656-666}
}

@article{SchwarzEtAl1993,
 author               = {Schwarz, C. J. and Schweigert, J. F. and Arnason, A. N.},
 journal              = {Biometrics},
 pages                = {177-193},
 title                = {Estimating migration rates using tag-recovery data},
 volume               = {49},
 year                 = {1993},
 }

@article{SchwarzSeber1999,
 author               = {Schwarz, C. J. and Seber, G. A. F.},
 journal              = {Statistical Science},
 note                 = {to appear},
 title                = {Estimating animal abundance: review {III}.~},
 year                 = {1999},
 }


@article{scofield2001titi,
	author = {Scofield, R. P. and Fletcher, D. J. and Robertson, C. J. R.},
	journal = {Journal of Agricultural, Biological, and Environmental Statistics},
	number = {2},
	pages = {268--280},
	title = {Titi (sooty shearwaters) on Whero Island: Analysis of historic data using modern techniques},
	volume = {6},
	year = {2001}}

@article{Seber1965,
  title={A note on the multiple-recapture census},
  author={Seber, G.A.F.},
  journal={Biometrika},
  volume={52},
  number={1/2},
  pages={249--259},
  year={1965},
  publisher={JSTOR}
}

@book{Seber1982,
 author               = {Seber, G. A. F.},
 publisher            = {Blackburn Press},
 title                = {The Estimation of Animal Abundance and Related Parameters},
 edition = {2nd edition},
 year                 = {1982},
}

@book{Seber2019,
  title={Capture-Recapture: Parameter Estimation for Open Animal Populations},
  author={Seber, G.A.F. and Schofield, M.R.},
  year={2019},
  publisher={Springer}
}

@article{sherlock2013coupled,
  title={A coupled hidden {M}arkov model for disease interactions},
  author={Sherlock, Chris and Xifara, Tatiana and Telfer, Sandra and Begon, Mike},
  journal={Journal of the Royal Statistical Society: Series C (Applied Statistics)},
  volume={62},
  number={4},
  pages={609--627},
  year={2013},
  publisher={Wiley Online Library}
}

@book{SkalskiEtAl2005,
 author               = {Skalski, J. R. and Ryding, K. E. and Millspaugh, J. J.},
 publisher            = {Elsevier Academic Press},
 title                = {Wildlife demography: analysis of sex, age, and count data},
 year                 = {2005},
 }

@article{Smith1991,
 author               = {Smith, P. J.},
 journal              = {Biometrika},
 pages                = {399-407},
 title                = {Bayesian analyses for a multiple capture-recapture model},
 volume               = {78},
 year                 = {1991},
 }

@article{SoisaloCavalcanti2006,
 author               = {Soisalo, M. K. and Cavalcanti, S. M. C.},
 journal              = {Biological Conservation},
 pages                = {487--496},
 title                = {Estimating the density of a jaguar population in the {B}razilian {P}antanal using camera-traps and capture-recapture sampling in combination with {GPS} radio-telemetry},
 volume               = {129},
 year                 = {2006},
 }
 
@article{Sollmann2015,
  title={An open-population hierarchical distance sampling model},
  author={Sollmann, Rahel and Gardner, Beth and Chandler, Richard B and Royle, J Andrew and Sillett, T Scott},
  journal={Ecology},
  volume={96},
  number={2},
  pages={325--331},
  year={2015},
  publisher={Wiley Online Library}
}

@Misc{StanCoreTeam2019,
    title = {{RStan}: the {R} interface to {Stan}},
    author = {{Stan Development Team}},
    note = {R package version 2.19.2},
    year = {2019},
    url = {http://mc-stan.org/},
}

@article{SturtzEtAl2005,
  title={{R2WinBUGS}: A Package for Running {WinBUGS} from {R}},
  author={Sturtz, S. and Ligges, U. and Gelman, A.},
  journal={Journal of Statistical Software},
  volume={12},
  number={3},
  pages={1--16},
  year={2005},
}

@article{TurekEtAl2016,
  title={Efficient {Markov chain Monte Carlo} sampling for hierarchical hidden {M}arkov models},
  author={Turek, D. and {de Valpine}, P. and Paciorek, C. J.},
  journal={Environmental and Ecological Statistics},
  volume={23},
  number={4},
  pages={549--564},
  year={2016}
}

@article{VeranEtAl2015,
  title={Modeling spatiotemporal dynamics of outbreaking species: influence of environment and migration in a locust},
  author={Veran, Sophie and Simpson, Stephen J and Sword, Gregory A and Deveson, Edward and Piry, Sylvain and Hines, James E and Berthier, Karine},
  journal={Ecology},
  volume={96},
  number={3},
  pages={737--748},
  year={2015},
  publisher={Wiley Online Library}
}

@article{VerHoefCressie1997,
  title={Using hidden {M}arkov chains and empirical Bayes change-point estimation for transect data},
  author={Ver Hoef, J.M. and Cressie, N.},
  journal={Environmental and Ecological statistics},
  volume={4},
  number={3},
  pages={247--264},
  year={1997}
}
 
@article{VisserSpeenkenbrink2010,
  title={depmix{S}4: an {R} package for hidden {M}arkov models},
  author={Visser, I. and Speekenbrink, M.},
  journal={Journal of Statistical Software},
  volume={36},
  number={7},
  pages={1--21},
  year={2010}
}

@article{WhiteBurnham1999,
 author               = {White, G. C. and Burnham, K. P.},
 journal              = {Bird Study},
 pages                = {S120-S138},
 title                = {Program {MARK}: Survival estimation from populations of marked animals},
 volume               = {46},
 year                 = {1999},
 }
 
@book{WhiteGarrott2012,
  title={Analysis of Wildlife Radio-Tracking Data},
  author={White, Gary C and Garrott, Robert A},
  year={2012},
  publisher={Elsevier}
}
 
@book{WilliamsEtAl2002,
 author               = {Williams, B. K. and Nichols, J. D. and Conroy, M. J.},
 publisher            = {Academic Press},
 title                = {Analysis and Management of Animal Populations},
 year                 = {2002},
 }
 
 
@article{worthington2015,
	author = {Worthington, H. and King, R. and Buckland, S. T.},
	journal = {Journal of Agricultural, Biological, and Environmental Statistics},
	number = {1},
	pages = {28--46},
	title = {Analysing Mark--Recapture--Recovery Data in the Presence of Missing Covariate Data Via Multiple Imputation},
	volume = {20},
	year = {2015}}

 
@article{WrightEtAl2009,
 author               = {Wright, J. A. and Barker, R. J. and Schofield, M. R. and Frantz, A. C. and Byrom, A. E. and Gleeson, D. M.},
 journal              = {Biometrics},
 pages                = {833-840},
 title                = {Incorporating genotype uncertainty into mark-recapture-type models for estimating abundance using {DNA} samples},
 volume               = {65},
 year                 = {2009},
 }
 
@article{YackulicEtAl2020,
  title={A need for speed in {B}ayesian population models: a practical guide to marginalizing and recovering discrete latent states},
  author={Yackulic, C.B. and Dodrill, M. and Dzul, M. and Sanderlin, J.S. and Reid, J.A.},
  journal={Ecological Applications},
  pages={e02112},
  volume={30},
  issue={5},
  year={2020}
}
 
@book{ZucchiniEtAl2016,
  title={Hidden {M}arkov models for time series: {A}n introduction using {R}},
  author={Zucchini, W. and MacDonald, I.L. and Langrock, R.},
  year={2016},
  edition = {2nd edition},
  publisher={{Chapman and Hall/CRC}}
}














@article{pradel2008sex,
  author = {Pradel, R. and Maurin-Bernier, L. and Gimenez, O. and Genovart, M. and Choquet, R. and Oro, D.},
  title = {Estimation of sex-specific survival with uncertainty in sex assessment},
  journal = {Canadian Journal of Statistics},
  volume = {36},
  number = {1},
  pages = {29-42},
  year = {2008}
}

@incollection{rouan_estimation_2009,
  address = {Boston},
  title = {Estimation of Lifetime Reproductive Success When Reproductive Status Cannot Always Be Assessed},
  booktitle = {Modeling {Demographic} {Processes} {In} {Marked} {Populations}},
  publisher = {Springer},
  author = {Rouan, L. and Gaillard, J.-M. and Gu\'edon, Y. and Pradel, R.},
	editor = {Thomson, D. L. and Cooch, E. G. and Conroy, M. J.},
	year = {2009},
	pages = {867--879}
}



@article{koons2014,
	author = {Koons, D. N. and Gamelon, M. and Gaillard, J.-M. and Aubry, L. M. and Rockwell, R. F. and Klein, F. and Choquet, R. and Gimenez, O.},
	journal = {Methods in Ecology and Evolution},
	number = {9},
	pages = {924-933},
	title = {Methods for studying cause-specific senescence in the wild},
	volume = {5},
	year = {2014}}



@book{durbin2012time,
  title={Time Series Analysis by State Space Methods},
  author={Durbin, James and Koopman, Siem Jan},
  year={2012},
	edition = {2nd edition},
  publisher={Oxford University Press}
}

@book{gelman2006data,
  title={Data Analysis Using Regression and Multilevel/Hierarchical Models},
  author={Gelman, A. and Hill, J.},
  year={2006},
  publisher={Cambridge University Press}
}

@book{newman2014modelling,
  title={Modelling population dynamics: model formulation, fitting and assessment using state-space methods},
  author={Newman, K B and Buckland, S T and Morgan, Byron J T and King, R and Borchers, D L and Cole, Diana J and Besbeas, Panagiotis and Gimenez, O and Thomas, L},
  year={2014},
  publisher={Springer}
}

@article{pledger2000unified,
  title={Unified maximum likelihood estimates for closed capture--recapture models using mixtures},
  author={Pledger, Shirley},
  journal={Biometrics},
  volume={56},
  number={2},
  pages={434--442},
  year={2000},
  publisher={Wiley Online Library}
}

@article{pledger2014multivariate,
  title={Multivariate methods using mixtures: Correspondence analysis, scaling and pattern-detection},
  author={Pledger, Shirley and Arnold, Richard},
  journal={Computational Statistics \& Data Analysis},
  volume={71},
  pages={241--261},
  year={2014},
  publisher={Elsevier}
}

@article{ellison2004bayesian,
  title={Bayesian inference in ecology},
  author={Ellison, Aaron M},
  journal={Ecology Letters},
  volume={7},
  number={6},
  pages={509--520},
  year={2004},
  publisher={Wiley Online Library}
}

@article{besbeas2020general,
  title={A general framework for modeling population abundance data},
  author={Besbeas, P. and Morgan, B.J.T.},
  journal={Biometrics},
  volume={76},
  number={1},
  pages={281--292},
  year={2020},
}

@article{hestbeck1991estimates,
  title={Estimates of movement and site fidelity using mark-resight data of wintering Canada geese},
  author={Hestbeck, J. B. and Nichols, J. D. and Malecki, R. A.},
  journal={Ecology},
  volume={72},
  number={2},
  pages={523--533},
  year={1991},
  publisher={Wiley Online Library}
}


@article{rouan2009memory,
  title={A General Framework for Modeling Memory in Capture—Recapture Data},
  author={Rouan, L. and Choquet, R. and Pradel, R.},
  journal={Journal of Agricultural, Biological, and Environmental Statistics},
  volume={14},
  number={3},
  pages={338--355},
  year={2009}
}


@article{gamelon2020multi,
  title={Multi--event capture-recapture analysis in {A}lpine chamois reveals contrasting responses to interspecific competition, within and between populations},
  author={Gamelon, M. and Filli, F. and S{\ae}ther, B.-E. and Herfindal, I.},
  journal={Journal of Animal Ecology},
  volume={89},
  number={10},
  pages={2279--2289},
  year={2020},
}

@book{robert2013monte,
  title={Monte Carlo Statistical Methods},
  author={Robert, Christian and Casella, George},
  year={2013},
  publisher={Springer Science \& Business Media}
}

@book{gilks1996markov,
  title={Markov Chain Monte Carlo in Practice},
  author={Gilks, WR and Richardson, S and Spiegelhalter, DJ},
  publisher={{Chapman and Hall/CRC}},
  year={1996}
}

@article{brooks1994automatic,
  title={Automatic starting point selection for function optimization},
  author={Brooks, Stephen P and Morgan, Byron JT},
  journal={Statistics and Computing},
  volume={4},
  number={3},
  pages={173--177},
  year={1994},
  publisher={Springer}
}

@article{king2016statistical,
    title = {Statistical Inference for Partially Observed {Markov}
      Processes via the {R} Package {pomp}},
    author = {Aaron A. King and Dao Nguyen and Edward L. Ionides},
    journal = {Journal of Statistical Software},
    year = {2016},
    volume = {69},
    number = {12},
    pages = {1--43},
  }
  

@book{marin_bayesian_2007,
	address = {New York},
	series = {Springer texts in statistics},
	title = {Bayesian core: a practical approach to computational {Bayesian} statistics},
	publisher = {Springer},
	author = {Marin, Jean-Michel and Robert, Christian P.},
	year = {2007},
	keywords = {Bayesian statistical decision theory, Textbooks},
}

@book{korner-nievergelt_bayesian_2015,
	address = {Amsterdam ; Boston},
	title = {Bayesian data analysis in ecology using linear models with {R}, {Bugs}, and {Stan}},
	publisher = {Elsevier/AP, Academic Press is an imprint of Elsevier},
	author = {Korner-Nievergelt, Fränzi and Von Felten, Stefanie and Roth, Tobias and Almasi, Bettina and Guélat, Jérôme and Korner-Nievergelt, Pius},
	year = {2015},
}

@article{choquet_semi-markov_2011,
	title = {A semi-{Markov} model to assess reliably survival patterns from birth to death in free-ranging populations},
	volume = {2},
	number = {4},
	urldate = {2021-05-03},
	journal = {Methods in Ecology and Evolution},
	author = {Choquet, Rémi and Viallefont, Anne and Rouan, Lauriane and Gaanoun, Kamel and Gaillard, Jean-Michel},
	year = {2011},
	pages = {383--389},
}

@article{peron_evidence_2016,
	title = {Evidence of reduced individual heterogeneity in adult survival of long-lived species},
	volume = {70},
	number = {12},
	urldate = {2021-05-03},
	journal = {Evolution},
	author = {Péron, G. and Gaillard, J.-M. and Barbraud, C. and Bonenfant, C. and Charmantier, A. and Choquet, R. and Coulson, T. and Grosbois, V. and Loison, A. and Marzolin, G. and Owen‐Smith, N. and Pardo, D. and Plard, F. and Pradel, R. and Toïgo, C. and Gimenez, O.},
	year = {2016},
	pages = {2909--2914},
}

@article{cubaynes_importance_2010,
	title = {Importance of accounting for detection heterogeneity when estimating abundance: the case of {French} wolves},
	volume = {24},
	number = {2},
	journal = {Conservation Biology},
	author = {Cubaynes, S. and Pradel, R. and Choquet, R. and Duchamp, C. and Gaillard, J.-M. and Lebreton, J.-D. and Marboutin, E. and Miquel, C. and Reboulet, A.-M. and Poillot, C. and Taberlet, P. and Gimenez, O.},
	year = {2010},
	pages = {621--626}
}

@article{gimenez_individual_2010,
	title = {Individual heterogeneity in studies on marked animals using numerical integration: capture–recapture mixed models},
	volume = {91},
	number = {4},
	journal = {Ecology},
	author = {Gimenez, O. and Choquet, R.},
	year = {2010},
	pages = {951--957},
}

@article{turek_bayesian_2021,
	title = {Bayesian non-parametric detection heterogeneity in ecological models},
	journal = {Environmental and Ecological Statistics},
	author = {Turek, D. and Wehrhahn, C. and Gimenez, O.},
	year = {2021},
}

@article{morano_life-history_2013,
	title = {Life-history strategies of {North} {American} elk: trade-offs associated with reproduction and survival},
	volume = {94},
	number = {1},
	journal = {Journal of Mammalogy},
	author = {Morano, S. and Stewart, K. M. and Sedinger, J. S. and Nicolai, C. A. and Vavra, M.},
	year = {2013},
	pages = {162--172},
}

@article{shefferson_life_2003,
	title = {Life {History} {Trade}-{Offs} in a {Rare} {Orchid}: {The} {Costs} of {Flowering}, {Dormancy}, and {Sprouting}},
	volume = {84},
	number = {5},
	journal = {Ecology},
	author = {Shefferson, R. P. and Proper, J. and Beissinger, S. R. and Simms, E. L.},
	year = {2003},
	pages = {1199--1206}
}

@article{cruz-flores_sex-specific_nodate,
	title = {Sex-specific costs of reproduction on survival in a long-lived seabird},
	volume = {17},
	number = {3},
	journal = {Biology Letters},
	author = {Cruz-Flores, M. and Pradel, R. and Bried, J. and González-Solís, J. and Ramos, R.},
	pages = {2021},
}

@article{pradel_breeding_2012,
	title = {Breeding {Experience} {Might} {Be} a {Major} {Determinant} of {Breeding} {Probability} in {Long}-{Lived} {Species}: {The} {Case} of the {Greater} {Flamingo}},
	volume = {7},
	number = {12},
	journal = {Plos One},
	author = {Pradel, R. and Choquet, R. and Béchet, A.},
	year = {2012},
	pages = {e51016},
}

@article{pradeltrapdep2012,
	title = {Modeling Trap-Awareness and Related Phenomena in Capture-Recapture Studies},
	volume = {7},
	number = {3},
	journal = {Plos One},
	author = {Pradel, R. and Sanz-Aguilar, A.},
	year = {2012},
	pages = {e32666},
}

@article{genovart2019,
	title = {Transience effect in capture-recapture studies: {T}he importance of its biological meaning.},
	volume = {14},
	number = {9},
	journal = {Plos One},
	author = {Genovart, M. and Pradel, R.},
	year = {2019},
	pages = {e0222241},
}

@article{desprez_now_2011,
	title = {{Now you see him, now you don't: experience, not age, is related to reproduction in kittiwakes}},
volume = {278},
number = {1721},
journal = {Proceedings of the Royal Society B: Biological Sciences},
author = {Desprez, M. and Pradel, R. and Cam, E. and Monnat, J.-Y. and Gimenez, O.},
year = {2011},
pages = {3060--3066},
}

@article{pacoureau_population_2019,
  title = {Population response of an apex {Antarctic} consumer to its prey and climate fluctuations},
  volume = {189},
  number = {2},
  journal = {Oecologia},
  author = {Pacoureau, N. and Authier, M. and Delord, K. and Barbraud, C.},
  year = {2019},
  pages = {279--291}
}

@article{desprez_known_2013,
  title = {Known unknowns in an imperfect world: incorporating uncertainty in recruitment estimates using multi-event capture-recapture models},
  volume = {3},
  number = {14},
  journal = {Ecology and Evolution},
  author = {Desprez, M. and McMahon, C. R. and Hindell, M. A. and Harcourt, R. and Gimenez, O.},
  year = {2013},
  pages = {4658--4668},
}

@article{karamanlidis_evidence_2015,
  title = {Evidence of a large carnivore population recovery: {Counting} bears in {Greece}},
  volume = {27},
  journal = {Journal for Nature Conservation},
  author = {Karamanlidis, Alexandros A. and Hernando, Miguel de Gabriel and Krambokoukis, Lambros and Gimenez, Olivier},
  year = {2015},
  pages = {10--17}
}

@article{santostasi_robust_2016,
  title = {A {Robust} {Design} {Capture}-{Recapture} {Analysis} of {Abundance}, {Survival} and {Temporary} {Emigration} of {Three} {Odontocete} {Species} in the {Gulf} of {Corinth}, {Greece}},
  volume = {11},
  number = {12},
  journal = {PLOS ONE},
  author = {Santostasi, Nina Luisa and Bonizzoni, Silvia and Bearzi, Giovanni and Eddy, Lavinia and Gimenez, Olivier},
  year = {2016},
  pages = {e0166650},
}

@article{gibson_application_2018,
  title = {Application of {Bayesian} robust design model to assess the impacts of a hurricane on shorebird demography},
  volume = {9},
  number = {8},
  journal = {Ecosphere},
  author = {Gibson, Daniel and Riecke, Thomas V. and Keyes, Tim and Depkin, Chris and Fraser, James and Catlin, Daniel H.},
  year = {2018},
  pages = {e02334},
}

@article{rankin_full-capture_2016,
  title = {A {Full}-{Capture} {Hierarchical} {Bayesian} {Model} of {Pollock}'s {Closed} {Robust} {Design} and {Application} to {Dolphins}},
	volume = {3},
	journal = {Frontiers in Marine Science},
	author = {Rankin, R. W. and Nicholson, K. E. and Allen, S. J. and Krützen, M. and Bejder, L. and Pollock, K. H.},
	year = {2016},
}

@article{guerin_advances_2017,
	title = {Advances in methods for estimating stopover duration for migratory species using capture-recapture data},
	volume = {27},
	number = {5},
	journal = {Ecological Applications},
	author = {Guérin, S. and Picard, D. and Choquet, R. and Besnard, A.},
	year = {2017},
	pages = {1594--1604}
}

@article{marescot_social_2018,
	title = {Social status mediates the fitness costs of infection with canine distemper virus in {Serengeti} spotted hyenas},
	volume = {32},
	number = {5},
	journal = {Functional Ecology},
	author = {Marescot, L. and Benhaiem, S. and Gimenez, O. and Hofer, H. and Lebreton, J.-D. and Olarte-Castillo, X. A. and Kramer-Schadt, S. and East, M. L.},
	year = {2018},
	pages = {1237--1250},
}

@article{hestbeck_estimates_1991,
	title = {Estimates of {Movement} and {Site} {Fidelity} {Using} {Mark}-{Resight} {Data} of {Wintering} {Canada} {Geese}},
	volume = {72},
	number = {2},
	journal = {Ecology},
	author = {Hestbeck, J. B. and Nichols, J. D. and Malecki, R. A.},
	year = {1991},
	pages = {523--533}
}

@article{santoro2014host,
	title = {Multi--event capture--recapture modeling of host--pathogen dynamics among {European} rabbit populations exposed to myxoma and {Rabbit} {Hemorrhagic} {Disease} {Viruses}: {C}ommon and heterogeneous patterns},
	volume = {45},
	number = {1},
	journal = {Veterinary Research},
	author = {Santoro, S. and Pacios, I. and Moreno, S. and Bertó-Moran, A. and Rouco, C.},
	year = {2014},
	pages = {39},
}

@article{genovart_exploiting_2012,
	title = {Exploiting uncertain ecological fieldwork data with multi-event capture–recapture modelling: an example with bird sex assignment},
	volume = {81},
	number = {5},
	journal = {Journal of Animal Ecology},
	author = {Genovart, M. and Pradel, R. and Oro, D.},
	year = {2012},
	pages = {970--977},
}

@article{pradel_estimation_2008,
	title = {Estimation of sex-specific survival with uncertainty in sex assessment},
	volume = {36},
	number = {1},
	journal = {Canadian Journal of Statistics},
	author = {Pradel, Roger and Maurin‐Bernier, Lory and Gimenez, Olivier and Genovart, Meritxell and Choquet, Rémi and Oro, Daniel},
	year = {2008},
	keywords = {Capture-recapture, label switching, multievent model, parameter redundancy},
	pages = {29--42}
}

@article{culina_multievent_2013,
	title = {A multievent approach to estimating pair fidelity and heterogeneity in state transitions},
	volume = {3},
	number = {13},
	journal = {Ecology and Evolution},
	author = {Culina, A. and Lachish, S. and Pradel, R. and Choquet, R. and Sheldon, B. C.},
	year = {2013},
	pages = {4326--4338},
}

@article{cubaynes_modeling_2021,
	title = {Modeling the demography of species providing extended parental care: {A} capture–recapture multievent model with a case study on polar bears ({Ursus} maritimus)},
	volume = {11},
	number = {7},
	journal = {Ecology and Evolution},
	author = {Cubaynes, S. and Aars, J. and Yoccoz, N. G. and Pradel, R. and Wiig, Ø. and Ims, R. A. and Gimenez, O.},
	year = {2021},
	pages = {3380--3392},
}

@article{grosbois_assessing_2008,
	title = {Assessing the impact of climate variation on survival in vertebrate populations},
	volume = {83},
	number = {3},
	journal = {Biological Reviews},
	author = {Grosbois, V. and Gimenez, O. and Gaillard, J. M. and Pradel, R. and Barbraud, C. and Clobert, J. and Møller, A. P. and Weimerskirch, H.},
	year = {2008},
	pages = {357--399}
}

@article{cubaynes_testing_2012,
	title = {Testing hypotheses in evolutionary ecology with imperfect detection: capture-recapture structural equation modeling},
	volume = {93},
	number = {2},
	journal = {Ecology},
	author = {Cubaynes, S. and Doutrelant, C. and Grégoire, A. and Perret, P. and Faivre, B. and Gimenez, O.},
	year = {2012},
	pages = {248--255},
}

@article{gimenez_semiparametric_2006,
	title = {Semiparametric {Regression} in {Capture}–{Recapture} {Modeling}},
	volume = {62},
	number = {3},
	journal = {Biometrics},
	author = {Gimenez, O. and Crainiceanu, C. and Barbraud, C. and Jenouvrier, S. and Morgan, B. J. T.},
	year = {2006},
	pages = {691--698}
}



@article{fernandez-chacon_causes_2016,
	title = {Causes of mortality in depleted populations of {Atlantic} cod estimated from multi--event modelling of mark–-recapture and recovery data},
	journal = {Canadian Journal of Fisheries and Aquatic Sciences},
	author = {Fernández-Chacón, A. and Moland, E. and Espeland, S. H. and Kleiven, A. R. and Olsen, E. M.},
	volume = {74},
	number = {1},
	pages = {116--126},
	year = {2016},
}

@article{ruette_comparative_2015,
	title = {Comparative survival pattern of the syntopic pine and stone martens in a trapped rural area in {France}},
	volume = {295},
	number = {3},
	journal = {Journal of Zoology},
	author = {Ruette, S. and Vandel, J.-M. and Albaret, M. and Devillard, S.},
	year = {2015},
	pages = {214--222}
}


@book{kery_bayesian_2011,
	title = {Bayesian {Population} {Analysis} using {WinBUGS}.},
	publisher = {Academic Press},
	author = {Kéry, M. and Schaub, M.},
	year = {2011}
}

@book{newman_modelling_2014,
	address = {New York},
	series = {Methods in {Statistical} {Ecology}},
	title = {Modelling {Population} {Dynamics}: {Model} {Formulation}, {Fitting} and {Assessment} using {State}-{Space} {Methods}},
	publisher = {Springer-Verlag},
	author = {Newman, K. and Buckland, S. T. and Morgan, B.J.Y. and King, R. and Borchers, D. L. and Cole, D. and Besbeas, P. and Gimenez, O. and Thomas, L.},
	year = {2014},
}

@book{mccrea_analysis_2014,
	title = {Analysis of {Capture}-{Recapture} {Data}},
	publisher = {CRC Press, Taylor \& Francis Group},
	author = {McCrea, R. and Morgan, B.J.T.},
	year = {2014}
}

@book{seber_capture-recapture_2019,
	series = {Statistics for {Biology} and {Health}},
	title = {Capture-{Recapture}: {Parameter} {Estimation} for {Open} {Animal} {Populations}},
	publisher = {Springer International Publishing},
	author = {Seber, G. A. F. and Schofield, M. R.},
	year = {2019},
}

@book{kery_applied_2020,
	title = {Applied {Hierarchical} {Modeling} in {Ecology}: {Analysis} of {Distribution}, {Abundance} and {Species} {Richness} in {R} and {BUGS} - {Volume} 2: {Dynamic} and {Advanced} {Models}},
	publisher = {Academic Press},
	author = {Kéry, M. and Royle, J.A.},
	year = {2020}
}

@article{dupuis_bayesian_1995,
	title = {Bayesian estimation of movement and survival probabilities from capture-recapture data},
	volume = {82},
	number = {4},
	journal = {Biometrika},
	author = {Dupuis, J. A.},
	year = {1995},
	pages = {761--772}
}

@book{king_bayesian_2009,
	title = {Bayesian {Analysis} for {Population} {Ecology}},
	urldate = {2021-05-03},
	publisher = {{Chapman and Hall/CRC}},
	author = {King, R. and Morgan, B. J. T. and Gimenez, O. and Brooks, S. P.},
	year = {2009}
}





